@online{tecmint:PostgreSQLAndpgAdmin,
  title        = {How to Install PostgreSQL and pgAdmin in CentOS 8},
  organization = {TecMint},
  author       = {Aaron Kili},
  date         = {2021},
  addendum     = {abgerufen am 14.03.2022},
  url          = {https://www.tecmint.com/install-postgressql-and-pgadmin-in-centos-8/},
  keywords     = {untrusted}
}

@online{vitux:PostgreSQL,
  title        = {How to install PostgreSQL Database Server CentOS 8},
  organization = {Vitux},
  author       = {Karim Buzdar},
  date         = {ohne Datum},
  addendum     = {abgerufen am 14.03.2022},
  url          = {https://vitux.com/postgresql-centos/},
  keywords     = {untrusted}
}